@inproceedings{almarza1998-student,
	title     = {Student Foreign Language Teacher's Knowledge Growth},
	booktitle = {Teacher Learning in Language Teaching},
	author    = {Almarza, G G},
	editor    = {Freeman, D and Richards, J C},
	year      = {1998},
	pages     = {200--205},
	publisher = {Walley},
	address   = {New York},
	langid    = {english}
}

@patent{author12022-zhuan,
	title    = {{专利名称}},
	author   = {{author1} and {author2} and {author3}},
	year     = {2022},
	month    = oct,
	number   = {CN111111111B},
	address  = {地址},
	assignee = {申请人},
	langid   = {chinese}
}

@incollection{bangu1998-su,
	title     = {{苏武传}},
	booktitle = {{传记散文英华}},
	author    = {{班固}},
	editor    = {{郑在瀛} and {汪超宏} and {周文复}},
	year      = {1998},
	series    = {{新古文观止丛书}},
	volume    = {2},
	pages     = {65--69},
	publisher = {湖北人民出版社},
	address   = {武汉},
	langid    = {chinese}
}

@misc{beeton2015-answera,
	title      = {Answer to "{{Insert Figures Error}}: {{Not}} in Outer Par Mode"},
	shorttitle = {Answer to "{{Insert Figures Error}}},
	author     = {{beeton}, barbara},
	year       = {2015},
	month      = dec,
	journal    = {TeX - LaTeX Stack Exchange},
	url        = {https://tex.stackexchange.com/a/283263},
	urldate    = {2024-07-31},
	langid     = {english}
}

@article{chafikelidrissi1994-measurements,
	title   = {Measurements of Total Kinetic-Energy Released to the {{N}}=2 Dissociation Limit of {{H}}{$_2$} --- Evidence of the Dissociation of Very High Vibrational {{Rydberg}} States of {{H}}{$_2$} by Doubly-Excited States},
	author  = {Chafik El Idrissi, M. and Roney, A. and Frigon, C. and Larzilli{\`e}re, M.},
	year    = {1994},
	journal = {Chemical Physics Letters},
	volume  = {224},
	number  = {10},
	pages   = {260--266},
	langid  = {english}
}

@misc{diaozhenren2024-da,
	title      = {{《大爱仙尊》第七集：``名扬天下许未来，崛起大计盗宿命''}},
	author     = {{雕真人}},
	year       = {2024},
	month      = jun,
	url        = {https://www.bilibili.com/video/BV1mT421Y73T/?spm_id_from=pageDriver&vd_source=5cffb0138aba8daeccac204ef96b93a2},
	urldate    = {2024-07-31},
	langid     = {chinese},
	annotation = {like: 1588\\
	              view: 29153}
}

@newspaper{french1987-silences,
	title  = {Between Silences:A Voice from China},
	author = {French, W},
	year   = {1987},
	month  = aug,
	number = {33},
	langid = {english}
}

@book{gill1985-mastering,
	title     = {Mastering English Literature},
	author    = {Gill, R},
	year      = {1985},
	pages     = {42--45},
	publisher = {Macmillan},
	address   = {London},
	langid    = {english}
}

@book{goosens1994-latex,
	title     = {The \LaTeX{} Companion},
	author    = {Goosens, Michel and Mittelbach, Frank and Samarin, Alexander},
	year      = {1994},
	pages     = {112--125},
	publisher = {Addison-Wesley Publishing Company},
	address   = {Reading, MA},
	langid    = {english}
}

@article{heider1999-structure,
	title   = {The Structure of Color Space in Naming and Memory of Two Languages},
	author  = {Heider, E R and Oliver, D C},
	year    = {1999},
	journal = {Foreign Language Teaching and Research},
	number  = {3},
	pages   = {62--67},
	langid  = {english}
}

@misc{hu_shidong2023-latex,
	title   = {Latex中生成表格形式的参考文献表},
	author  = {{hu\_shidong}},
	year    = {2023},
	month   = feb,
	url     = {https://blog.csdn.net/xenonhu/article/details/121696116},
	urldate = {2024-08-01},
	langid  = {english}
}

@book{ieeestd1363-20002000-ieee,
	title     = {{{IEEE}} Standard Specifications for Public-Key Cryptography},
	author    = {{IEEE Std 1363-2000}},
	year      = {2000},
	publisher = {IEEE},
	address   = {New York},
	langid    = {english}
}

@mastersthesis{jeyakumar2004-metamori,
	title   = {Metamori: A Library for Incremental File Checkpointing},
	author  = {Jeyakumar, Ashwin Raju},
	year    = {2004},
	month   = jun,
	address = {Blacksburg},
	langid  = {english},
	school  = {Virgina Tech}
}

@article{jiabaoyu1800-lun,
	title   = {{论刘姥姥食量大如牛之现实意义}},
	author  = {{贾宝玉} and {林黛玉} and {薛宝钗} and {贾探春}},
	year    = {1800},
	journal = {红楼梦杂谈},
	volume  = {224},
	pages   = {260--266},
	langid  = {chinese}
}

@inproceedings{kim2003-design,
	title     = {Design and {{Implementation}} of {{Dynamic Process Management}} for {{Grid-enabled MPICH}}},
	booktitle = {The 10th European {{PVM}}/{{MPI}} Users' Group Conference},
	author    = {Kim, Sangbum and Woo, Namyoon and Yeom, Heon Y. and Park, Taesoon and Park, Hyoungwoo},
	year      = {2003},
	month     = sep,
	address   = {Venice, Italy},
	langid    = {english}
}

@book{knuth1989-book,
	title     = {The Book},
	author    = {Knuth, Donald E.},
	year      = {1989},
	edition   = {15},
	publisher = {Addison-Wesley Publishing Company},
	address   = {Reading, MA},
	langid    = {english}
}

@inproceedings{kocher1999-differential,
	title     = {Differential Power Analysis},
	booktitle = {Advances in Cryptology ({{CRYPTO}} '99)},
	author    = {Kocher, C. and Jaffe, J. and Jun, B.},
	editor    = {Wiener, M.},
	year      = {1999},
	month     = aug,
	series    = {Lecture Notes in Computer Science},
	volume    = {1666},
	pages     = {388--397},
	publisher = {Springer-Verlag},
	langid    = {english}
}

@incollection{krasnogor2004-robust,
	title     = {Towards Robust Memetic Algorithms},
	booktitle = {Recent Advances in Memetic Algorithms},
	author    = {Krasnogor, N.},
	editor    = {Hart, W.E. and Krasnogor, N. and Smith, J.E.},
	year      = {2004},
	series    = {Studies in Fuzziness and Soft Computing},
	volume    = {166},
	pages     = {185--207},
	publisher = {Springer Berlin Heidelberg},
	address   = {New York},
	langid    = {english}
}

@newspaper{lidalun1998-jing,
	title  = {{经济全球化的重要性}},
	author = {{李大伦}},
	year   = {1998},
	month  = dec,
	number = {3},
	langid = {chinese}
}

@book{liuguojun1979-tu,
	title     = {{图书馆史研究}},
	author    = {{刘国钧} and {王连成}},
	year      = {1979},
	pages     = {15--18,31},
	publisher = {高等教育出版社},
	address   = {北京},
	langid    = {chinese}
}

@article{mellinger1996-laser,
	title   = {Laser Reduced Fluorescence Study of the Carbon-Monoxide Nd Triplet {{Rydberg}} Series-Experimental Results and Multichannel Quantum-Defect Analysis},
	author  = {Mellinger, A. and Vidal, C. R. and Jungen, {\relax Ch}.},
	year    = {1996},
	journal = {Journal of Chemical Physics},
	volume  = {104},
	number  = {5},
	pages   = {8913--8921},
	langid  = {english}
}

@phdthesis{shaheshang2005-lun,
	title   = {{论流沙河的综合治理}},
	author  = {{沙和尚}},
	year    = {2005},
	address = {北京},
	langid  = {chinese},
	school  = {清华大学}
}

@article{shell2002-how,
	title   = {How to Use the Ieeetran \LaTeX{} Class},
	author  = {Shell, Michael},
	year    = {2002},
	journal = {Journal of \LaTeX{} Class Files},
	volume  = {12},
	number  = {4},
	pages   = {100--120},
	langid  = {english}
}

@inproceedings{spivak1988-can,
	title     = {Can the Subaltern Speak?},
	booktitle = {Victory in Limbo: {{Imigism}}},
	author    = {Spivak, G},
	editor    = {Nelson, C and Grossberg, L},
	year      = {1988},
	pages     = {271--313},
	publisher = {University of Illinois Press},
	address   = {Urbana},
	langid    = {english}
}

@inproceedings{wangchongyang2006-wu,
	title     = {{武林高手从入门到精通}},
	booktitle = {{第 N 次华山论剑}},
	author    = {{王重阳} and {黄药师} and {欧阳峰} and {洪七公} and {段皇帝}},
	year      = {2006},
	month     = sep,
	address   = {西安, 中国},
	langid    = {chinese}
}

@techreport{woo1995-nas,
	title       = {The {{NAS}} Parallel Benchmarks 2.0},
	author      = {Woo, Alex and Bailey, David and Yarrow, Maurice and Wijngaart, Wijngaart and Harris, Tim and Saphir, William},
	year        = {1995},
	month       = dec,
	institution = {The Pennsylvania State University CiteSeer Archives},
	langid      = {english}
}

@book{wulifu1979-xi,
	title     = {{西方文论选}},
	author    = {{伍蠡甫}},
	year      = {1979},
	pages     = {12--17},
	publisher = {上海译文出版社},
	address   = {上海},
	langid    = {chinese}
}

@article{xialuhui2004-gao,
	title   = {{高等学校毕业设计(论文)教学情况调研报告}},
	author  = {{夏鲁惠}},
	year    = {2004},
	journal = {高等理科教育},
	number  = {1},
	pages   = {46--52},
	langid  = {chinese}
}

@incollection{yanzhen2001-da,
	title        = {{大人物还是讲人情的}},
	booktitle    = {{沧浪之水}},
	year         = {2001},
	pages        = {185--207},
	publisher    = {人民文学出版社},
	collaborator = {{阎真}},
	langid       = {chinese}
}

@phdthesis{zadok2001-fist,
	title   = {{{FiST}}: A System for Stackable File System Code Generation},
	author  = {Zadok, Erez},
	year    = {2001},
	month   = may,
	address = {USA},
	langid  = {english},
	school  = {Computer Science Department, Columbia University}
}

@book{zhangxinhang2023-ren,
	title     = {人工智能原理与实践：哈哈哈用自己的记的笔记装一下参考文献},
	author    = {张鑫航},
	year      = {2023},
	publisher = {\LaTeX{}出版社},
	address   = {长沙}
}

@article{zhourong2003-dui,
	title   = {{对新形势下毕业设计管理工作的思考与实践}},
	author  = {{周融} and {任志国} and {杨尚雷} and others},
	year    = {2003},
	journal = {电气电子教学学报},
	number  = {6},
	pages   = {107--109},
	langid  = {chinese}
}

@mastersthesis{zhubajie2005-lun,
	title   = {{论流体食物的持久保存这是一个很长很长的题目用来测试BiB\TeX{}会不会出现乱码貌似北邮的BST工作的很好}},
	author  = {{猪八戒}},
	year    = {2005},
	address = {北京},
	langid  = {chinese},
	school  = {广寒宫大学}
}
